@incollection{Goodfellow.2014,
 author = {Goodfellow, Ian and Pouget-Abadie, Jean and Mirza, Mehdi and Xu, Bing and Warde-Farley, David and Ozair, Sherjil and Courville, Aaron and Bengio, Yoshua},
 title = {{Generative Adversarial Nets}},
 pages = {2672--2680},
 bookpagination = {page},
 publisher = {{Curran Associates, Inc}},
 editor = {{Z. Ghahramani} and {M. Welling} and {C. Cortes} and {N. D. Lawrence} and {K. Q. Weinberger}},
 booktitle = {{Advances in Neural Information Processing Systems 27}},
 year = {2014},
}


@inproceedings{Isola.2017,
 author = {Isola, Phillip and Zhu, Jun-Yan and Zhou, Tinghui and Efros, Alexei A.},
 title = {{Image-to-Image Translation with Conditional Adversarial Networks}},
 pages = {5967--5976},
 bookpagination = {page},
 publisher = {IEEE},
 isbn = {978-1-5386-0457-1},
 booktitle = {{30th IEEE Conference on Computer Vision and Pattern Recognition}},
 year = {2017},
 doi = {10.1109/CVPR.2017.632},
 editora = {Chellappa, Rama and Zhang, Zhengyou and Hoogs, Anthony},
 location = {Piscataway, NJ},
}


@misc{Radford.2016,
 author = {Radford, Alec and Metz, Luke and Chintala, Soumith},
 year = {2016},
 title = {{Unsupervised Representation Learning with Deep Convolutional Generative Adversarial Networks}},
 url = {http://arxiv.org/pdf/1511.06434v2},
 note = {Under review as a conference paper at ICLR 2016},
}


@incollection{Ronneberger.2015,
 author = {Ronneberger, Olaf and Fischer, Philipp and Brox, Thomas},
 title = {{U-Net: Convolutional Networks for Biomedical Image Segmentation}},
 pages = {234--241},
 bookpagination = {page},
 volume = {9351},
 publisher = {Springer},
 isbn = {978-3-319-24573-7},
 editor = {Navab, Nassir and Hornegger, Joachim and Wells, William M. and Frangi, Alejandro F.},
 booktitle = {{Medical image computing and computer-assisted intervention}},
 year = {2015},
 doi = {10.1007/978-3-319-24574-4_28},
 location = {Cham},
 number = {9351},
}


@article{Vazquez.2017,
 author = {V치zquez, David and Bernal, Jorge and S치nchez, F. Javier and Fern치ndez-Esparrach, Gloria and L칩pez, Antonio M. and Romero, Adriana and Drozdzal, Michal and Courville, Aaron},
 year = {2017},
 title = {{A Benchmark for Endoluminal Scene Segmentation of Colonoscopy Images}},
 volume = {2017},
 issn = {2040-2295},
 journaltitle = {{Journal of healthcare engineering}},
 doi = {10.1155/2017/4037190},
}
